@Policy{pcp-policy,
  title = {Person-Centered Planning Policy},
  institution = {MDHHS Behavioral Health and Developmental Disabilities Administration},
  year = {2017},
  url = {https://www.michigan.gov/documents/mdhhs/Person_Centered_Planning_Policy_rev._6-17-17_597318_7.pdf},
}

@Law{mi-mhc,
  title = {Michigan Mental Health Code, Act 258 of 1974, Section 330.1712},
  institution = {Michigan State Legislature},
  year = {1974},
  url = {http://legislature.mi.gov/doc.aspx?mcl-330-1712},
}

@Article{shalock-changes,
  title = {Changes in the Field Regarding Personal Support Plans},
  author = {Robert L. Schalock and James R. Thompson and Marc J. Tass√©},
  year = {2018},
  url = {https://aaidd.org/docs/default-source/sis-docs/changes-in-the-field.pdf?sfvrsn=cd8b3021_0},
}

